<?xml version="1.0" encoding="UTF-8"?><collection xmlns="http://www.loc.gov/MARC21/slim"><record><leader>00406nam--2200133-i-4500</leader><controlfield tag="001">000003848</controlfield><controlfield tag="002">20161230</controlfield><controlfield tag="005">20161230201025</controlfield><controlfield tag="008">060222s1000------------r-----000-0-eng-d</controlfield><datafield ind1=" " ind2=" " tag="080"><subfield code="a">669.268</subfield></datafield><datafield ind1=" " ind2=" " tag="100"><subfield code="a">Brusentova, V.N.Si Pletnev, D.V</subfield></datafield><datafield ind1=" " ind2=" " tag="245"><subfield code="a">Bazele tehnologiei cromarii rezistente la uzur a.traducere din limba rusa</subfield></datafield><datafield ind1=" " ind2=" " tag="260"><subfield code="a">Bucuresti, Institutul De Documentare Tehnica 1954. 156 P</subfield></datafield><datafield ind1=" " ind2=" " tag="852"><subfield code="a">26352</subfield></datafield></record></collection>